%--------------- Echo SLAM  ---------------%
@article{Miranda,
author = {Krekovic, Miranda and Dokmanic, Ivan and Vetterli, Martin},
file = {:Users/kiki/Documents/Arbeit/LCAV/Robot{\_}PAH/Papers/EchoSLAM.pdf:pdf},
journal = {LCAV},
title = {{EchoSLAM : SIMULTANEOUS LOCALIZATION AND MAPPING WITH ACOUSTIC ECHOES}},
year = {2015}
}
%----------- Intrinsic and extrinsic Calibration --------------%

@book{hz,
    author    = "Hartley, Richard and Zisserman, Andrew",
    title     = "Multiple View Geometry in Computer Vision",
    year      = "2003",
    edition = "Second",
    publisher = "Cambridge University Press"
}
%123: RANSAC Algorithm
%156: Camera center vs. t
% 181: SolvePNP algorithm (NORMALIZATION)
%296: 4 points in plane ambiguity
%312: Linear triangulation method

@misc{LMA,
author = "Wikipedia",
note = "Accessed December 31, 2015",
title = "Levenberg-Marquardt algorithm",
howpublished = {\url{https://en.wikipedia.org/wiki/Levenberg-Marquardt_algorithm}}
}

%Opencv documentation 3D
@misc{calib3d,
author = "OpenCV",
note = "Accessed December 30, 2015",
title = "Camera Calibration and 3D Reconstruction",
howpublished = {\url{http://docs.opencv.org/2.4/modules/calib3d/doc/camera_calibration_and_3d_reconstruction.html}}
}
% Matlab Toolbox MTB
@misc{MTB,
author = "Jean-Yves Bouguet",
title = "MATLAB calibration tool",
howpublished = {\url{http://www.vision.caltech.edu/bouguetj/calib_doc/}}
}
@article{Brown1966,
author = {Brown, DC},
file = {:Users/kiki/Documents/Arbeit/LCAV/Robot{\_}PAH/Papers/Brown1966.pdf:pdf},
journal = {Photometric Engineering},
keywords = {May 1966,No. 3,Photogrammetric Engineering,Vol. 32,pp 444-462},
number = {3},
pages = {444--462},
title = {{Decentering Distortion of Lenses}},
volume = {32},
year = {1966}
}
@article{Conrady1919,
author = {Conrady, AE},
file = {:Users/kiki/Documents/Arbeit/LCAV/Robot{\_}PAH/Papers/Conrady.pdf:pdf},
journal = {Monthly Notices of the Royal Astronomical Soceity},
pages = {384--390},
title = {{Decentred Lens-Systems}},
url = {http://scholar.google.com/scholar?hl=en{\&}btnG=Search{\&}q=intitle:Decentred+Lens-Systems{\#}0},
volume = {79},
year = {1919}
}
@article{Zhang2000,
author = {Zhang, Zhengyou},
doi = {10.1109/34.888718},
file = {:Users/kiki/Documents/Arbeit/LCAV/Robot{\_}PAH/Papers/ZhangDistortion.pdf:pdf},
isbn = {0162-8828},
issn = {0162-8828},
journal = {IEEE Trans. Pattern Anal. Mach. Intell.},
number = {11},
pages = {1330--1334},
title = {{A Flexible New Technique for Camera Calibration}},
url = {http://dx.doi.org/10.1109/34.888718
http://research.microsoft.com/en-us/um/people/zhang/Papers/TR98-71.pdf},
volume = {22},
year = {2000}
}
@article{Lepetit2009,
author = {Lepetit, Vincent and Moreno-Noguer, Francesc and Fua, Pascal},
doi = {10.1007/s11263-008-0152-6},
file = {:Users/kiki/Documents/Arbeit/LCAV/Robot{\_}PAH/Papers/Lepetit:},
issn = {0920-5691},
journal = {International Journal of Computer Vision},
number = {2},
pages = {155--166},
title = {{EPnP: An Accurate O(n) Solution to the PnP Problem}},
url = {http://link.springer.com/10.1007/s11263-008-0152-6},
volume = {81},
year = {2009}
}

@article{Wickelmaier2003,
author = {Wickelmaier, Florian},
file = {:Users/kiki/Documents/Arbeit/LCAV/Robot{\_}PAH/Papers/Wickelmaier2003.pdf:pdf},
isbn = {1379-1176 (Print)$\backslash$r1379-1176 (Linking)},
issn = {13791176},
journal = {Reports from the Sound Quality Research Unit, {\ldots}},
pages = {26},
pmid = {20491413},
title = {{An introduction to MDS}},
url = {http://steep.inrialpes.fr/{~}Arnaud/indexation/mds03.pdf},
year = {2003}
}
